@Manual{xtable,
    title = {xtable: Export Tables to LaTeX or HTML},
    author = {David B. Dahl and David Scott and Charles Roosen and Arni Magnusson and Jonathan Swinton},
    year = {2019},
    note = {R package version 1.8-4},
    url = {https://CRAN.R-project.org/package=xtable},
  }

@article{boyd2022development,
  title={The development and psychometric properties of LIWC-22},
  author={Boyd, Ryan L and Ashokkumar, Ashwini and Seraj, Sarah and Pennebaker, James W},
  journal={Austin, TX: University of Texas at Austin},
  volume={10},
  pages={1--47},
  year={2022}
}

@inproceedings{alonso2020tensorflow,
  title={Tensorflow audio models in essentia},
  author={Alonso-Jim{\'e}nez, Pablo and Bogdanov, Dmitry and Pons, Jordi and Serra, Xavier},
  booktitle={ICASSP 2020-2020 IEEE International Conference on Acoustics, Speech and Signal Processing (ICASSP)},
  pages={266--270},
  year={2020},
  organization={IEEE}
}

@Article{tidyverse,
    title = {Welcome to the {tidyverse}},
    author = {Hadley Wickham and Mara Averick and Jennifer Bryan and Winston Chang and Lucy D'Agostino McGowan and Romain Fran\c{c}ois and Garrett Grolemund and Alex Hayes and Lionel Henry and Jim Hester and Max Kuhn and Thomas Lin Pedersen and Evan Miller and Stephan Milton Bache and Kirill M{\"u}ller and Jeroen Ooms and David Robinson and Dana Paige Seidel and Vitalie Spinu and Kohske Takahashi and Davis Vaughan and Claus Wilke and Kara Woo and Hiroaki Yutani},
    year = {2019},
    journal = {Journal of Open Source Software},
    volume = {4},
    number = {43},
    pages = {1686},
    doi = {10.21105/joss.01686},
  }

@Manual{stringr,
    title = {stringr: Simple, Consistent Wrappers for Common String Operations},
    author = {Hadley Wickham},
    year = {2023},
    note = {R package version 1.5.1},
    url = {https://CRAN.R-project.org/package=stringr},
  }
  
  @Article{jsonlite,
    title = {The jsonlite Package: A Practical and Consistent Mapping Between JSON Data and R Objects},
    author = {Jeroen Ooms},
    journal = {arXiv:1403.2805 [stat.CO]},
    year = {2014},
    url = {https://arxiv.org/abs/1403.2805},
  }
  
  @inproceedings{bogdanov2013essentia,
  title={Essentia: An audio analysis library for music information retrieval},
  author={Bogdanov, Dmitry and Wack, Nicolas and G{\'o}mez Guti{\'e}rrez, Emilia and Gulati, Sankalp and Boyer, Herrera and Mayor, Oscar and Roma Trepat, Gerard and Salamon, Justin and Zapata Gonz{\'a}lez, Jos{\'e} Ricardo and Serra, Xavier and others},
  booktitle={Britto A, Gouyon F, Dixon S, editors. 14th Conference of the International Society for Music Information Retrieval (ISMIR); 2013 Nov 4-8; Curitiba, Brazil.[place unknown]: ISMIR; 2013. p. 493-8.},
  year={2013},
  organization={International Society for Music Information Retrieval (ISMIR)}
}